%% This BibTeX bibliography file was created using BibDesk.
%% https://bibdesk.sourceforge.io/

%% Created for Rodrigo Moreno at 2018-12-09 9:39:14 pm +0000 


%% Saved with string encoding Unicode (UTF-8) 



@inproceedings{penrose1955generalized,
	Author = {Penrose, Roger},
	Booktitle = {Mathematical proceedings of the Cambridge philosophical society},
	Date-Added = {2018-12-09 9:38:59 pm +0000},
	Date-Modified = {2018-12-09 9:38:59 pm +0000},
	Number = {3},
	Organization = {Cambridge University Press},
	Pages = {406--413},
	Title = {A generalized inverse for matrices},
	Volume = {51},
	Year = {1955}}

@techreport{meredith2004real,
	Author = {Meredith, Michael and Maddock, Steve},
	Date-Added = {2018-12-09 8:04:50 pm +0000},
	Date-Modified = {2018-12-09 8:04:50 pm +0000},
	Institution = {Technical Report No. CS-04-06, Department of Computer Science, University of~{\ldots}},
	Title = {Real-time inverse kinematics: The return of the jacobian},
	Year = {2004}}

@article{bhatti2014forward,
	Author = {Bhatti, Zeeshan and Shah, Asadullah and Shahidi, Farruh and Karbasi, Mostafa},
	Date-Added = {2018-12-09 7:46:39 pm +0000},
	Date-Modified = {2018-12-09 7:46:39 pm +0000},
	Journal = {arXiv preprint arXiv:1401.1488},
	Title = {Forward and inverse kinematics seamless matching using Jacobian},
	Year = {2014}}

@article{buss2004introduction,
	Author = {Buss, Samuel R},
	Date-Added = {2018-12-09 4:46:32 pm +0000},
	Date-Modified = {2018-12-09 4:46:32 pm +0000},
	Journal = {IEEE Journal of Robotics and Automation},
	Number = {1-19},
	Pages = {16},
	Title = {Introduction to inverse kinematics with jacobian transpose, pseudoinverse and damped least squares methods},
	Volume = {17},
	Year = {2004}}

@inproceedings{barinka2002inverse,
	Author = {Barinka, Lukas and Berka, Roman},
	Booktitle = {Central European Seminar on Computer Graphics for Students},
	Date-Added = {2018-12-09 4:34:07 pm +0000},
	Date-Modified = {2018-12-09 4:34:07 pm +0000},
	Title = {Inverse kinematics-basic methods},
	Year = {2002}}
